% Encoding: US-ASCII

@Article{
	Nel-1985
	,
	author = {
		Nel, D. G.
	},
	date = {
		1985-06
	},
	journaltitle = {
		Linear Algebra and its Applications
	},
	title = {
		A matrix derivation of the asymptotic covariance matrix of sample correlation coefficients
	},
	doi = {
		10.1016/0024-3795(85)90191-0
	},
	pages = {
		137--145
	},
	volume = {
		67
	},
	publisher = {
		Elsevier {BV}
	},
	abstract = {
		The asymptotic covariance matrix
		of the sample correlation matrix
		is derived in matrix form
		as an application of some new matrix theory
		in multivariate statistics.
	},
}

@Comment{jabref-meta: databaseType:biblatex;}